@Article{apriori,
author = {"R. Agrawal","R. Srikant"},
title = {Fast algorithms for mining association rules in large databases},
journal = {Proceedings of the 20th International Conference on Very Large Data Bases},
year = {1994},
OPTkey = {•},
OPTvolume = {•},
OPTnumber = {•},
OPTpages = {487–499},
OPTmonth = {•},
OPTnote = {•},
OPTannote = {•}
}
@Article{fpgrowth,
author = {"J. Han"," J. Pei, Y. Yin","R. Mao"},
title = {Mining frequent patterns without candidate generation: A frequent-pattern tree approach},
journal = {Data Min. Knowl. Discov},
year = {2004},
OPTkey = {•},
OPTvolume = {•},
OPTnumber = {•},
OPTpages = {53–87},
OPTmonth = {•},
OPTnote = {•},
OPTannote = {•}
}
@Article{dstree,
author = {"C. K.-S. Leung","Q. I. Khan"},
title = {Dstree: A tree structure for the mining of frequent sets from data streams},
journal = {ICDM},
year = {2006},
OPTkey = {•},
OPTvolume = {•},
OPTnumber = {•},
OPTpages = {928–932},
OPTmonth = {•},
OPTnote = {•},
OPTannote = {•}
}
@Article{upriori,
author = {"Z. Zhao", "D. Yan", "W. Ng"},
title = {Mining probabilistically frequent sequential patterns in uncertain databases},
journal = {EDBT},
year = {2012},
OPTkey = {•},
OPTvolume = {•},
OPTnumber = {•},
OPTpages = {74-85},
OPTmonth = {•},
OPTnote = {•},
OPTannote = {•}
}

@Article{ufgrowth,
author = {"C. K.-S. Leung","M. A. F. Mateo", "D. A. Brajczuk"},
title = {A tree-based approach for frequent pattern mining from uncertain data},
journal = {PAKDD},
year = {2008},
OPTkey = {•},
OPTvolume = {•},
OPTnumber = {•},
OPTpages = {659-661},
OPTmonth = {•},
OPTnote = {•},
OPTannote = {•}
}
@Article{ufpgrowth,
author = {"C. C. Aggarwal", "Y. Li", "J. Wang"},
title = {Frequent pattern mining with uncertain data},
journal = {KDD},
year = {2009},
OPTkey = {•},
OPTvolume = {•},
OPTnumber = {•},
OPTpages = {29–38},
OPTmonth = {•},
OPTnote = {•},
OPTannote = {•}
}
@Article{cufgrowth,
author = {"C. K.-S. Leung","S. K. Tanbeer"},
title = {Fast tree-based mining of frequent itemsets from uncertain data},
journal = {DASFAA},
year = {2012},
OPTkey = {•},
OPTvolume = {•},
OPTnumber = {•},
OPTpages = {272–287},
OPTmonth = {•},
OPTnote = {•},
OPTannote = {•}
}
@Article{pufgrowth,
author = {"J. Pei", "V. S. Tseng","L. Cao", "H. Motoda", "G. Xu"},
title = {Puf-tree: A compact tree structure for frequent pattern mining of uncertain data.},
journal = {PAKDD},
year = {2013},
OPTkey = {•},
OPTvolume = {•},
OPTnumber = {•},
OPTpages = {13-25},
OPTmonth = {•},
OPTnote = {•},
OPTannote = {•}
}
@Article{sufgrowth,
author = {"Carson Kai-Sang Leung", "Boyu Hao"},
title = {Mining of Frequent Itemsets from Streams of Uncertain Data},
journal = {IEEE International Conference on Data Engineering},
year = {2009},
OPTkey = {•},
OPTvolume = {•},
OPTnumber = {•},
OPTpages = {1663-1670},
OPTmonth = {•},
OPTnote = {•},
OPTannote = {•}
}